@book{Cit1,
      author = "Edsger Dijkstra",
      title = "Notes On Structured Programming",
      year = "1972",
      publisher = "Academic Press Ltd. London, UK, UK"
      }

@article{CitCommonCriteria,
      author= "Daniel Mellando, Eduardo Fernàndez-Medina, Mario Piattini",
      title = "A common criteria based security requirements engineering process for the development of secure information systems",
      year= "2006",
      journal = "Computer Standards \& Interfaces"
      }

@article{CitCertSOA,
      author= "Marco Anisetti, Caludio Ardagna, Ernesto Damiani",
      title = "A Test-Based Security Certification Scheme for Web Services",
      journal = "ACM Transactions on the Web (TWEB)",
      year= "2013"
      }
@book{DamianiSOACertificazioneFormale,
      author ="Damiani E. Ardagna C.A. El Ioini N.", 
      title = "Open Source System Security Certification",
      year = "2009",
      publisher="Springer"
      }
@article{AntoniaBertolino03,
        author = "Antonia Bertolino",
        title   = "Software Testing Research and Practice",
        journal = "ISTI-CNR, Area della Ricerca CNR di Pisa, Italia"
        }
@online{NISTCloud,
    author    = "National Institute of Standards and Technology (Peter Mell Timothy Grance)",
    title     = "The NIST Definition of Cloud Computing",
    url       = "http://csrc.nist.gov/publications/nistpubs/800-145/SP800-145.pdf"
}

@online{NISTMetriche,
    author    = "National Institute of Standarts and Technology",
    title     = "Cloud Computing Service Metrics Description",
    url       = "http://www.nist.gov/itl/cloud/upload/RATAX-CloudServiceMetricsDescription-DRAFT-20141111.pdf"
}

@online{NISTKeys,
    author    = "National Institute of Standarts and Technology",
    title     = "Recommendation for Key Management",
    url       = "http://csrc.nist.gov/groups/ST/toolkit/key_management.html"
}


@article{Cloud1,
      author= "Marco Anisetti, Caludio Ardagna, Ernesto Damiani, Filippo Gaudenzi",
      title = "A Certification Framework for Cloud-based Service",
      journal = "Università degli studi di Milano",
      year= "2013"
      }

@article{CloudIncrementalCert,
      author= "Maria Krotsiani, George Spanoudakis, Khaled Mahbub",
      title = "Incremental Certification of Cloud Services",
      journal = "SECURWARE 2013 : The Seventh International Conference on Emerging Security Information, Systems and Technologies",
      year= "2013"
      }

@book{CumulusDoc,
      author = "ErnestoDamiani(UMIL),GeorgeSpanoudakis(CITY),Spyros
Katopodis (CITY), Khaled Mahbub(CITY), Maria Krotsiani (CITY),Stelvio Cimato (UMIL),Marco Anisetti (UMIL), Claudio Ardagna (UMIL), Francesco Zavatarelli (UMIL),Maria Rosa Vieira Alvarez (ATOS), Renato Menicocci (FUB), Alessandro Riccardi (FUB),Vittorio Bagini(FUB), Javier Espinar (UMA), AntonioMuñoz (UMA), Antonio Maña (UMA), Hristo Koshutanski (UMA)",
      title = "Cumulus. D2.3Certificationmodelsv.2",
      year = "2014",
      publisher = "Seventh Framework Programme"
      }


@misc{iso29119,
      author = "Institute of Electrical and Electronics Engineers",
      title = "ISO/IEC/IEEE 29119",
      year = "2013"
      }
@misc{iso12207,
    author = "Institute of Electrical and Electronics Engineers",
    title = "ISO/IEC/IEEE 12207 - Systems  and  software  engineering - Software life cycle processes",
    year = "2008"
}
@misc{iso15288,
      author = "Institute of Electrical and Electronics Engineers",
      title = "ISO/IEC/IEEE 15288 - Systems  and  software  engineering - System life cycle processes",
      year = "2008"
}
@misc{iso25010,
      author = "",
      title = "ISO/IEC 25000/25010 - System and Software Quality Requirements and Evaluation",
      year = "2011"
      }
@misc{iso9000,
    title = "ISO/IEC 9000 - Sistemi di gestione per la qualità - Fondamenti e vocabolario",
    year = "2005"
}
@misc{iso9126,
      author = "",
      title = "ISO/IEC 9126 - Information Tecnology - Software product evaluation - Quality characteristics and guidelines for their use",
      year = "1991"
      }
@misc{iso9646,
    year= "1994",
    title = "Information technology -- Open Systems Interconnection -- Conformance testing methodology and framework"
}
@misc{itutz500,
    author = "ITU-T",
    title = "Rec Z.500: Framework on Formal Methods in Conformance Testing",
    year = "1997"
}
@misc{ieee1012,
      author = "Institute of Electrical and Electronics Engineers",
      title = "IEEE 1012",
      year = "1986"
      }
@misc{tretmans,
    title = "An Overview of OSI Conformance Testing",
    author = "J. Tretmans",
    year = "2001"
}
@misc{NistGlossary,
    title="IEEE Standard Glossary of Software Engineering Terminology",
    author = "Institute of Electrical and Electronics Engineers",
    year = "1990"
}

@misc{CloudSecurityIssues,
    title="Cloud Security Issues",
    author="Kandukuri, B.R. and Paturi V., R. and Rakshit, A.",
    publisher = "IEEE International Conference on Service Computing",
    year = "2009"
}
@article{NistEconomicImpact,
    title = "The Economic Impacts of Inadequate Infrastructure for Software Testing",
    author = "RTI Health, Social, and Economics Research",
    journal = "National Institute of Standards and Technology - Acquisition and Assistance Division",
    year = "2002"
}
@conference{OutsourcingCloud,
    title   =   "From outsourcing to Cloud computing: Evolution of IT services",
    author  =   "Dhar, S.",
    publisher = "IEEE",
    organization = "Technology Management Conference (ITMC), 2011 IEEE International ",
    
}



@conference{OutsourcingCloud2,
    title   =   "The Business Perspective of Cloud Computing: Actors, Roles and Value Networks",
    author  =   "Leimester, Stefanie and Bohm, Markus and Riedl, Christoph and Krcmar, Helmut ",
    publisher = "AISeL AIS Electronic Library",
    organization = "European Conference on Information Systems",
    year = "2010"
}

@book{GAST,
    title   = "Guide to Advanced Software Testing",
    author = "Anne Mette, Jonassen Hass",
    year = "2008",
    publisher = "Artech House, Norwood, MA"
}

@phdthesis{Gentry,
     author = {Craig Gentry},
     title = {A fully homomorphic encryption scheme},
     school = {Stanford University},
     year = 2009,
     note = {\url{crypto.stanford.edu/craig}}
}

@book{CloudSecurityBook,
    title = "Cloud Security and Privacy",
    author = "Mather, T. and Kumaraswamy, S. and Latif, S.",
    year = "2009",
    publisher = "O'Reilly Media Inc."
    }

@article{OutsourcingCloudDhardBalakrishnan,
    title   =   "S. Dhar and B. Balakrishnan",
    author  =   "Risks, Benefits and Challenges In Global IT Outsourcing: Perspectives and Practices",
    year    =   "2006",
    journal   =   "Journal of Global Information Management",
    volume  =   "14",
    pages   = "59-89"
}

@online{XieDissertation,
    title   = "Improving Effectiveness of Automated Software Testing in the Absence of Specifications",
    author  = "Tao Xie",
    publisher = "University of Washington",
    year    = "2005",
    url     = "http://web.engr.illinois.edu/~taoxie/publications/xie-dissertation.pdf"
}

@article(Panzl78,
    title   = "Automatic Software Test Drivers",
    journal = "Computer",
    author = "David J. Panzl",
    year = "1978"
    }
@article(DickFaivre93,
    title   = "Proc. 1st International Symposium of Formal Methods Europe on Industrial-Strength Formal Methods",
    author  = "Jeremy Dick, Alain Faivre",
    year    = "1993"
}
@article(disttest,
    title   = "A Formal Approach to Network/Distributed Systems Complex Testing",
    author  = "Andrey A. Shchurov, Radek Mařík, Vladimir A. Khlevnoy",
    pulisher = "International Journal of Computer Trends and Technology (IJCTT) – Volume 22 Number 2",
    year    = "April 2015"
}
@article{disttestDelGado,
    title   = "Designing Modular Software Architectures for Next-Generation Heterogeneous Networked Test Systems.",
    author  = "S. Delgado",
    pulisher = "Autotestcon IEEE",
    year    = "April 2006"
}

@article{disttestWalterGrabowski1,
    title   =   "Test Architectures for Distributed Systems: State of the Art and Beyond",
    author  =   "T. Walter, I. Schieferdecker and J. Grabowski",
    year    =   "1998",
    publisher = "Testing Communicating Systems"
}

@article{disttestWalterGrabowski2,
    title   =   "Towards an Integrated Test Methodology for Advanced Communication Systems",
    author  =   "J. Grabowski and T. Walter",
    year    =   "1999",
    publisher = "Proceedings of the '16th International Conference and Exposition on Testing Computer Software (TCS'99)"
}



@article{disttestSoaTest1,
    title = "SOA  Test  Methodology - White Paper",
    author = "Torry  Harris  Business  Solutions",
    year = "2007"
}

@article{disttestSoaTest2,
    title = "CMU/SEI-2010-TR-011- Testing in Service Oriented Environments",
    author = "Carnegie Mellon Software Engineering Institute (SEI)",
    year = "2010"
}

@article{disttestJain,
    title = "The art of computer systems performance analysis: techniques for  experimental design, measurement, simulation, and  modeling",
    author = "R. Jain",
    year = "1991"
}


@misc{disttestITUTX1051,
    title = "ITU-T Rec  X.1051:  Information  technology - Security  techniques - Information  security  management  guidelines  for telecommunications organizations",
    year = "2008"
}

@misc{iso27001,
    author = "Institute of Electrical and Electronics Engineers",
    title = "ISO/IEC/IEEE 27001 - Information technology - Security Techniques - Information Security Management Systems Requirements Specification",
    year = "2013"
}

@misc{iso27002,
    author = "Institute of Electrical and Electronics Engineers",
    title = "ISO/IEC/IEEE 27002 - Information technology - Security Techniques - Code of practice for information security management",
    year = "2013"
}

@misc{iso27005,
    author = "Institute of Electrical and Electronics Engineers",
    title = "ISO/IEC/IEEE 27005 - Information technology - Security Techniques - Information security risk management",
    year = "2011"
}

@online{rfc3511,
    author  = "B. Hickman and D. Newman and S. Tadjudin and T. Martin",
    title   = "RFC3511 - Benchmarking Methodology for Firewall Performance",
    url     = "https://tools.ietf.org/html/rfc3511.txt",
    year    = "2003"
}
@online{rfc5180,
    author  = "C. Popoviciu and A. Hamza and  G. Van de Velde and D. Dugatkin",
    title   = "RFC5180 - IPv6 Benchmarking Methodology for Network Interconnect Devices",
    url     = "https://tools.ietf.org/html/rfc5180",
    year    = "2008"
}

@online{rfc2889,
    author  = "R. Mandeville and J. Perser",
    title   = "RFC2889 - Benchmarking Methodology for LAN Switching Devices",
    url     = "https://tools.ietf.org/html/rfc2889.txt",
    year    = "2000"
}

@online{rfc2544,
    author  = "S. Bradner and J. McQuaid",
    title   = "RFC2544 - Benchmarking Methodology",
    url     = "https://tools.ietf.org/html/rfc2544.txt",
    year    = "1999"
}

@online{rfc2889,
    author  = "R. Mandeville and J. Perser",
    title   = "RFC2889 - Benchmarking Methodology for LAN Switching Devices",
    url     = "https://tools.ietf.org/html/rfc2889.txt",
    year    = "2000"
}

@book {GrowthOfSwTesting,
    title = "The Growth of Software Testing",
    author = "Gelperin, D. and B. Hetzel",
    year = "1988",
}

@book {ArtOfSwTesting,
    title = "The Art of Software Testing",
    author = "Glenford J. Myers and Corey Sandler and Tom Badgett",
    year = "1979"
}
@online{PythonWebsite,
    title     = "Sito web di Python",
    url       = "http://www.python.org/about/"
}
@online{CeleryWebsite,
    title   = "Sito web di Celery",
    url     = "http://www.celeryproject.org"
}
@online{RabbitMQWebsite,
    title   = "Sito web di RabbitMQ",
    url     = "https://www.rabbitmq.com/features.html"
}
@online{RedisWebsite,
    title   = "Sito web di Redis",
    url     = "https://www.redis.io"
}
@online{TornadoWebsite,
    title   = "Sito web di Tornado",
    url     = "http://www.tornadoweb.org/en/stable/"
}
@online{RFC5246,
    author  = "T. Dierks and E. Rescorla",
    title   = "RFC5246 - The Transport Layer Security (TLS) Protocol - Version 1.2",
    url     = "https://tools.ietf.org/html/rfc5246"
}